%% This BibTeX bibliography file was created using BibDesk.
%% http://bibdesk.sourceforge.net/

%% Created for Dan Foreman-Mackey at 2017-11-09 11:46:50 -0500 


%% Saved with string encoding Unicode (UTF-8) 



@article{Aigrain:2004,
	Adsnote = {Provided by the SAO/NASA Astrophysics Data System},
	Adsurl = {http://adsabs.harvard.edu/abs/2004A%26A...414.1139A},
	Author = {{Aigrain}, S. and {Favata}, F. and {Gilmore}, G.},
	Date-Added = {2017-11-09 16:42:35 +0000},
	Date-Modified = {2017-11-09 16:42:35 +0000},
	Doi = {10.1051/0004-6361:20034039},
	Eprint = {astro-ph/0310381},
	Journal = {\aap},
	Keywords = {Sun: activity, stars: activity, stars: planetary systems, techniques: photometric},
	Month = feb,
	Pages = {1139-1152},
	Title = {{Characterising stellar micro-variability for planetary transit searches}},
	Volume = 414,
	Year = 2004,
	Bdsk-Url-1 = {http://dx.doi.org/10.1051/0004-6361:20034039}}

@article{Aigrain:2015,
	Author = {S. Aigrain and J. Llama and T. Ceillier and M. L. d. Chagas and J. R. A. Davenport and R. A. Garcia and K. L. Hay and A. F. Lanza and A. McQuillan and T. Mazeh and J. R. de Medeiros and M. B. Nielsen and T. Reinhold},
	Date-Added = {2017-11-09 16:42:35 +0000},
	Date-Modified = {2017-11-09 16:42:35 +0000},
	Doi = {10.1093/mnras/stv853},
	Journal = {Monthly Notices of the Royal Astronomical Society},
	Month = {may},
	Number = {3},
	Pages = {3211--3226},
	Publisher = {Oxford University Press ({OUP})},
	Title = {Testing the recovery of stellar rotation signals from Kepler light curves using a blind hare-and-hounds exercise},
	Url = {https://doi.org/10.1093%2Fmnras%2Fstv853},
	Volume = {450},
	Year = {2015},
	Bdsk-Url-1 = {https://doi.org/10.1093%2Fmnras%2Fstv853},
	Bdsk-Url-2 = {http://dx.doi.org/10.1093/mnras/stv853}}

@article{Aigrain:2016,
	Author = {S. Aigrain and H. Parviainen and B. J. S. Pope},
	Date-Added = {2017-11-09 16:42:35 +0000},
	Date-Modified = {2017-11-09 16:42:35 +0000},
	Doi = {10.1093/mnras/stw706},
	Journal = {Monthly Notices of the Royal Astronomical Society},
	Month = {apr},
	Pages = {706},
	Publisher = {Oxford University Press ({OUP})},
	Title = {K2SC: Flexible systematics correction and detrending {ofK}2light curves using Gaussian Process regression},
	Url = {https://doi.org/10.1093%2Fmnras%2Fstw706},
	Year = {2016},
	Bdsk-Url-1 = {https://doi.org/10.1093%2Fmnras%2Fstw706},
	Bdsk-Url-2 = {http://dx.doi.org/10.1093/mnras/stw706}}

@article{Ambikasaran:2015,
	Author = {Sivaram Ambikasaran},
	Date-Added = {2017-11-09 16:42:35 +0000},
	Date-Modified = {2017-11-09 16:42:35 +0000},
	Doi = {10.1002/nla.2003},
	Journal = {Numer. Linear Algebra Appl.},
	Month = {jun},
	Number = {6},
	Pages = {1102--1114},
	Publisher = {Wiley-Blackwell},
	Title = {Generalized Rybicki Press algorithm},
	Url = {http://dx.doi.org/10.1002/nla.2003},
	Volume = {22},
	Year = {2015},
	Bdsk-Url-1 = {http://dx.doi.org/10.1002/nla.2003}}

@article{Ambikasaran:2016,
	Author = {Sivaram Ambikasaran and Daniel Foreman-Mackey and Leslie Greengard and David W. Hogg and Michael O'Neil},
	Date-Added = {2017-11-09 16:42:35 +0000},
	Date-Modified = {2017-11-09 16:42:35 +0000},
	Doi = {10.1109/tpami.2015.2448083},
	Journal = {{IEEE} Transactions on Pattern Analysis and Machine Intelligence},
	Month = {feb},
	Number = {2},
	Pages = {252--265},
	Publisher = {Institute of Electrical {\&} Electronics Engineers ({IEEE})},
	Title = {Fast Direct Methods for Gaussian Processes},
	Url = {http://dx.doi.org/10.1109/TPAMI.2015.2448083},
	Volume = {38},
	Year = {2016},
	Bdsk-Url-1 = {http://dx.doi.org/10.1109/TPAMI.2015.2448083},
	Bdsk-Url-2 = {http://dx.doi.org/10.1109/tpami.2015.2448083}}

@book{Anderson:1999,
	Address = {Philadelphia, PA},
	Author = {Anderson, E. and Bai, Z. and Bischof, C. and Blackford, S. and Demmel, J. and Dongarra, J. and Du Croz, J. and Greenbaum, A. and Hammarling, S. and McKenney, A. and Sorensen, D.},
	Date-Added = {2017-11-09 16:42:35 +0000},
	Date-Modified = {2017-11-09 16:42:35 +0000},
	Edition = {Third},
	Isbn = {0-89871-447-8 (paperback)},
	Publisher = {Society for Industrial and Applied Mathematics},
	Title = {{LAPACK} Users' Guide},
	Year = {1999}}

@article{Angus:2017,
	Adsnote = {Provided by the SAO/NASA Astrophysics Data System},
	Adsurl = {http://adsabs.harvard.edu/abs/2017arXiv170605459A},
	Archiveprefix = {arXiv},
	Author = {{Angus}, R. and {Morton}, T. and {Aigrain}, S. and {Foreman-Mackey}, D. and {Rajpaul}, V.},
	Date-Added = {2017-11-09 16:42:35 +0000},
	Date-Modified = {2017-11-09 16:42:35 +0000},
	Eprint = {1706.05459},
	Journal = {ArXiv e-prints},
	Keywords = {Astrophysics - Solar and Stellar Astrophysics, Astrophysics - Instrumentation and Methods for Astrophysics},
	Month = jun,
	Primaryclass = {astro-ph.SR},
	Title = {{Inferring probabilistic stellar rotation periods using Gaussian processes}},
	Year = 2017}

@article{Astropy-Collaboration:2013,
	Adsnote = {Provided by the SAO/NASA Astrophysics Data System},
	Adsurl = {http://adsabs.harvard.edu/abs/2013A%26A...558A..33A},
	Archiveprefix = {arXiv},
	Author = {{Astropy Collaboration} and {Robitaille}, T.~P. and {Tollerud}, E.~J. and {Greenfield}, P. and {Droettboom}, M. and {Bray}, E. and {Aldcroft}, T. and {Davis}, M. and {Ginsburg}, A. and {Price-Whelan}, A.~M. and {Kerzendorf}, W.~E. and {Conley}, A. and {Crighton}, N. and {Barbary}, K. and {Muna}, D. and {Ferguson}, H. and {Grollier}, F. and {Parikh}, M.~M. and {Nair}, P.~H. and {Unther}, H.~M. and {Deil}, C. and {Woillez}, J. and {Conseil}, S. and {Kramer}, R. and {Turner}, J.~E.~H. and {Singer}, L. and {Fox}, R. and {Weaver}, B.~A. and {Zabalza}, V. and {Edwards}, Z.~I. and {Azalee Bostroem}, K. and {Burke}, D.~J. and {Casey}, A.~R. and {Crawford}, S.~M. and {Dencheva}, N. and {Ely}, J. and {Jenness}, T. and {Labrie}, K. and {Lim}, P.~L. and {Pierfederici}, F. and {Pontzen}, A. and {Ptak}, A. and {Refsdal}, B. and {Servillat}, M. and {Streicher}, O.},
	Date-Added = {2017-11-09 16:42:35 +0000},
	Date-Modified = {2017-11-09 16:42:35 +0000},
	Doi = {10.1051/0004-6361/201322068},
	Eid = {A33},
	Eprint = {1307.6212},
	Journal = {\aap},
	Keywords = {methods: data analysis, methods: miscellaneous, virtual observatory tools},
	Month = oct,
	Pages = {A33},
	Primaryclass = {astro-ph.IM},
	Title = {{Astropy: A community Python package for astronomy}},
	Volume = 558,
	Year = 2013,
	Bdsk-Url-1 = {http://dx.doi.org/10.1051/0004-6361/201322068}}

@article{Bastien:2013,
	Adsnote = {Provided by the SAO/NASA Astrophysics Data System},
	Adsurl = {http://adsabs.harvard.edu/abs/2013Natur.500..427B},
	Archiveprefix = {arXiv},
	Author = {{Bastien}, F.~A. and {Stassun}, K.~G. and {Basri}, G. and {Pepper}, J.},
	Date-Added = {2017-11-09 16:42:35 +0000},
	Date-Modified = {2017-11-09 16:42:35 +0000},
	Doi = {10.1038/nature12419},
	Eprint = {1308.4728},
	Journal = {\nat},
	Month = aug,
	Pages = {427-430},
	Primaryclass = {astro-ph.SR},
	Title = {{An observational correlation between stellar brightness variations and surface gravity}},
	Volume = 500,
	Year = 2013,
	Bdsk-Url-1 = {http://dx.doi.org/10.1038/nature12419}}

@article{Byrd:1995,
	Author = {Byrd, Richard H and Lu, Peihuang and Nocedal, Jorge and Zhu, Ciyou},
	Date-Added = {2017-11-09 16:42:35 +0000},
	Date-Modified = {2017-11-09 16:42:35 +0000},
	Journal = {SIAM Journal on Scientific Computing},
	Number = {5},
	Pages = {1190--1208},
	Publisher = {SIAM},
	Title = {A limited memory algorithm for bound constrained optimization},
	Volume = {16},
	Year = {1995}}

@article{Foreman-Mackey:2013,
	Adsnote = {Provided by the SAO/NASA Astrophysics Data System},
	Adsurl = {http://adsabs.harvard.edu/abs/2013PASP..125..306F},
	Archiveprefix = {arXiv},
	Author = {{Foreman-Mackey}, D. and {Hogg}, D.~W. and {Lang}, D. and {Goodman}, J.},
	Date-Added = {2017-11-09 16:42:35 +0000},
	Date-Modified = {2017-11-09 16:42:35 +0000},
	Doi = {10.1086/670067},
	Eprint = {1202.3665},
	Journal = {\pasp},
	Keywords = {Data Analysis and Techniques},
	Month = mar,
	Pages = {306-312},
	Primaryclass = {astro-ph.IM},
	Title = {{emcee: The MCMC Hammer}},
	Volume = 125,
	Year = 2013,
	Bdsk-Url-1 = {http://dx.doi.org/10.1086/670067}}

@misc{Foreman-Mackey:2014,
	Author = {Dan Foreman-Mackey and Stephan Hoyer and Jonah Bernhard and Ruth Angus},
	Date-Added = {2017-11-09 16:42:35 +0000},
	Date-Modified = {2017-11-09 16:42:35 +0000},
	Doi = {10.5281/zenodo.11989},
	Month = oct,
	Title = {george: George (v0.2.0)},
	Url = {https://doi.org/10.5281/zenodo.11989},
	Year = 2014,
	Bdsk-Url-1 = {https://doi.org/10.5281/zenodo.11989},
	Bdsk-Url-2 = {http://dx.doi.org/10.5281/zenodo.11989}}

@article{Foreman-Mackey:2016,
	Author = {Daniel Foreman-Mackey},
	Date-Added = {2017-11-09 16:42:35 +0000},
	Date-Modified = {2017-11-09 16:42:35 +0000},
	Doi = {10.21105/joss.00024},
	Journal = {The Journal of Open Source Software},
	Title = {corner.py: Scatterplot matrices in Python},
	Url = {http://dx.doi.org/10.5281/zenodo.45906},
	Volume = 24,
	Year = 2016,
	Bdsk-Url-1 = {http://dx.doi.org/10.5281/zenodo.45906},
	Bdsk-Url-2 = {http://dx.doi.org/10.21105/joss.00024}}

@misc{Foreman-Mackey:2017,
	Author = {Daniel Foreman-Mackey and Eric Agol and Sivaram Ambikasaran and Ruth Angus},
	Date-Added = {2017-11-09 16:42:35 +0000},
	Date-Modified = {2017-11-09 16:42:35 +0000},
	Doi = {10.5281/zenodo.806847},
	Month = jun,
	Title = {dfm/celerite: celerite v0.2.1},
	Url = {https://doi.org/10.5281/zenodo.806847},
	Year = 2017,
	Bdsk-Url-1 = {https://doi.org/10.5281/zenodo.438359},
	Bdsk-Url-2 = {http://dx.doi.org/10.5281/zenodo.438359}}

@article{ForemanMackey:2015,
	Author = {Daniel Foreman-Mackey and Benjamin T. Montet and David W. Hogg and Timothy D. Morton and Dun Wang and Bernhard Sch\"{o}lkopf},
	Date-Added = {2017-11-09 16:42:35 +0000},
	Date-Modified = {2017-11-09 16:42:35 +0000},
	Doi = {10.1088/0004-637x/806/2/215},
	Journal = {The Astrophysical Journal},
	Month = {jun},
	Number = {2},
	Pages = {215},
	Publisher = {{IOP} Publishing},
	Title = {A {SYSTEMATIC} {SEARCH} {FOR} {TRANSITING} {PLANETS} {IN} {THE} K2 {DATA}},
	Url = {https://doi.org/10.1088%2F0004-637x%2F806%2F2%2F215},
	Volume = {806},
	Year = {2015},
	Bdsk-Url-1 = {https://doi.org/10.1088%2F0004-637x%2F806%2F2%2F215},
	Bdsk-Url-2 = {http://dx.doi.org/10.1088/0004-637x/806/2/215}}

@article{Goodman:2010,
	Author = {Goodman, Jonathan and Weare, Jonathan},
	Date-Added = {2017-11-09 16:42:35 +0000},
	Date-Modified = {2017-11-09 16:42:35 +0000},
	Journal = {Communications in Applied Mathematics and Computational Science},
	Number = {1},
	Pages = {65--80},
	Publisher = {Mathematical Sciences Publishers},
	Title = {Ensemble samplers with affine invariance},
	Volume = {5},
	Year = {2010}}

@misc{Guennebaud:2010,
	Author = {Ga\"{e}l Guennebaud and Beno\^{i}t Jacob and others},
	Date-Added = {2017-11-09 16:42:35 +0000},
	Date-Modified = {2017-11-09 16:42:35 +0000},
	Howpublished = {http://eigen.tuxfamily.org},
	Title = {Eigen v3},
	Year = {2010}}

@article{Howell:2014,
	Adsnote = {Provided by the SAO/NASA Astrophysics Data System},
	Adsurl = {http://adsabs.harvard.edu/abs/2014PASP..126..398H},
	Archiveprefix = {arXiv},
	Author = {{Howell}, S.~B. and {Sobeck}, C. and {Haas}, M. and {Still}, M. and {Barclay}, T. and {Mullally}, F. and {Troeltzsch}, J. and {Aigrain}, S. and {Bryson}, S.~T. and {Caldwell}, D. and {Chaplin}, W.~J. and {Cochran}, W.~D. and {Huber}, D. and {Marcy}, G.~W. and {Miglio}, A. and {Najita}, J.~R. and {Smith}, M. and {Twicken}, J.~D. and {Fortney}, J.~J.},
	Date-Added = {2017-11-09 16:42:35 +0000},
	Date-Modified = {2017-11-09 16:42:35 +0000},
	Doi = {10.1086/676406},
	Eprint = {1402.5163},
	Journal = {\pasp},
	Keywords = {Astronomical Instrumentation},
	Month = apr,
	Pages = {398-408},
	Primaryclass = {astro-ph.IM},
	Title = {{The K2 Mission: Characterization and Early Results}},
	Volume = 126,
	Year = 2014,
	Bdsk-Url-1 = {http://dx.doi.org/10.1086/676406}}

@article{Hunter:2007,
	Author = {Hunter, John D and others},
	Date-Added = {2017-11-09 16:42:35 +0000},
	Date-Modified = {2017-11-09 16:42:35 +0000},
	Journal = {Computing in science and engineering},
	Number = {3},
	Pages = {90--95},
	Title = {Matplotlib: A 2D graphics environment},
	Volume = {9},
	Year = {2007}}

@article{Ivezic:2008,
	Archiveprefix = {arXiv},
	Author = {Ivezi\'c, \v{Z}. and Tyson, J.~A. and Acosta, E. and Allsman, R. and Anderson, S.~F. and Andrew, J. and Angel, J.~R.~P. and Axelrod, T.~S. and Barr, J.~D. and Becker, A.~C. and others},
	Date-Added = {2017-11-09 16:42:35 +0000},
	Date-Modified = {2017-11-09 16:42:35 +0000},
	Eprint = {0805.2366v4},
	Title = {LSST: from science drivers to reference design and anticipated data products},
	Year = {2008}}

@book{Ivezic:2014,
	Author = {Ivezi{\'c}, {\v{Z}}eljko and Connolly, Andrew J and VanderPlas, Jacob T and Gray, Alexander},
	Date-Added = {2017-11-09 16:42:35 +0000},
	Date-Modified = {2017-11-09 16:42:35 +0000},
	Publisher = {Princeton University Press},
	Title = {Statistics, Data Mining, and Machine Learning in Astronomy: A Practical Python Guide for the Analysis of Survey Data},
	Year = {2014}}

@misc{Jones:2001,
	Author = {Eric Jones and Travis Oliphant and Pearu Peterson and others},
	Date-Added = {2017-11-09 16:42:35 +0000},
	Date-Modified = {2017-11-09 16:42:35 +0000},
	Title = {{SciPy}: Open source scientific tools for {Python}},
	Url = {http://www.scipy.org/},
	Year = {2001},
	Bdsk-Url-1 = {http://www.scipy.org/}}

@article{Kelly:2014,
	Author = {Brandon C. Kelly and Andrew C. Becker and Malgosia Sobolewska and Aneta Siemiginowska and Phil Uttley},
	Date-Added = {2017-11-09 16:42:35 +0000},
	Date-Modified = {2017-11-09 16:42:35 +0000},
	Doi = {10.1088/0004-637x/788/1/33},
	Journal = {{ApJ}},
	Month = {may},
	Number = {1},
	Pages = {33},
	Publisher = {{IOP} Publishing},
	Title = {{FLEXIBLE} {AND} {SCALABLE} {METHODS} {FOR} {QUANTIFYING} {STOCHASTIC} {VARIABILITY} {IN} {THE} {ERA} {OF} {MASSIVE} {TIME}-{DOMAIN} {ASTRONOMICAL} {DATA} {SETS}},
	Url = {http://dx.doi.org/10.1088/0004-637X/788/1/33},
	Volume = {788},
	Year = {2014},
	Bdsk-Url-1 = {http://dx.doi.org/10.1088/0004-637X/788/1/33},
	Bdsk-Url-2 = {http://dx.doi.org/10.1088/0004-637x/788/1/33}}

@article{Luger:2016,
	Adsnote = {Provided by the SAO/NASA Astrophysics Data System},
	Adsurl = {http://adsabs.harvard.edu/abs/2016AJ....152..100L},
	Archiveprefix = {arXiv},
	Author = {{Luger}, R. and {Agol}, E. and {Kruse}, E. and {Barnes}, R. and {Becker}, A. and {Foreman-Mackey}, D. and {Deming}, D.},
	Date-Added = {2017-11-09 16:42:35 +0000},
	Date-Modified = {2017-11-09 16:42:35 +0000},
	Doi = {10.3847/0004-6256/152/4/100},
	Eid = {100},
	Eprint = {1607.00524},
	Journal = {\aj},
	Keywords = {catalogs, planets and satellites: detection, techniques: photometric},
	Month = oct,
	Pages = {100},
	Primaryclass = {astro-ph.EP},
	Title = {{EVEREST: Pixel Level Decorrelation of K2 Light Curves}},
	Volume = 152,
	Year = 2016,
	Bdsk-Url-1 = {http://dx.doi.org/10.3847/0004-6256/152/4/100}}

@article{Luger:2017a,
	Adsnote = {Provided by the SAO/NASA Astrophysics Data System},
	Adsurl = {http://adsabs.harvard.edu/abs/2017arXiv170205488L},
	Archiveprefix = {arXiv},
	Author = {{Luger}, R. and {Kruse}, E. and {Foreman-Mackey}, D. and {Agol}, E. and {Saunders}, N.},
	Date-Added = {2017-11-09 16:42:35 +0000},
	Date-Modified = {2017-11-09 16:42:47 +0000},
	Eprint = {1702.05488},
	Journal = {ArXiv e-prints},
	Keywords = {Astrophysics - Instrumentation and Methods for Astrophysics, Astrophysics - Earth and Planetary Astrophysics},
	Month = feb,
	Primaryclass = {astro-ph.IM},
	Title = {{An update to the EVEREST K2 pipeline: Short cadence, saturated stars, and Kepler-like photometry down to Kp = 15}},
	Year = 2017}

@article{Mcquillan:2013,
	Adsnote = {Provided by the SAO/NASA Astrophysics Data System},
	Adsurl = {http://adsabs.harvard.edu/abs/2013MNRAS.432.1203M},
	Archiveprefix = {arXiv},
	Author = {{McQuillan}, A. and {Aigrain}, S. and {Mazeh}, T.},
	Date-Added = {2017-11-09 16:42:35 +0000},
	Date-Modified = {2017-11-09 16:42:35 +0000},
	Doi = {10.1093/mnras/stt536},
	Eprint = {1303.6787},
	Journal = {\mnras},
	Keywords = {methods: data analysis, stars: evolution, stars: low-mass, stars: magnetic field, stars: rotation},
	Month = jun,
	Pages = {1203-1216},
	Primaryclass = {astro-ph.SR},
	Title = {{Measuring the rotation period distribution of field M dwarfs with Kepler}},
	Volume = 432,
	Year = 2013,
	Bdsk-Url-1 = {http://dx.doi.org/10.1093/mnras/stt536}}

@article{Mcquillan:2014,
	Adsnote = {Provided by the SAO/NASA Astrophysics Data System},
	Adsurl = {http://adsabs.harvard.edu/abs/2014ApJS..211...24M},
	Archiveprefix = {arXiv},
	Author = {{McQuillan}, A. and {Mazeh}, T. and {Aigrain}, S.},
	Date-Added = {2017-11-09 16:42:35 +0000},
	Date-Modified = {2017-11-09 16:42:35 +0000},
	Doi = {10.1088/0067-0049/211/2/24},
	Eid = {24},
	Eprint = {1402.5694},
	Journal = {\apjs},
	Keywords = {catalogs, methods: data analysis, methods: observational, stars: activity, stars: low-mass, stars: rotation, techniques: photometric},
	Month = apr,
	Pages = {24},
	Primaryclass = {astro-ph.SR},
	Title = {{Rotation Periods of 34,030 Kepler Main-sequence Stars: The Full Autocorrelation Sample}},
	Volume = 211,
	Year = 2014,
	Bdsk-Url-1 = {http://dx.doi.org/10.1088/0067-0049/211/2/24}}

@book{Nocedal:2006,
	Adsurl = {http://www.gaussianprocess.org/gpml/},
	Author = {{Nocedal}, J. and {Wright}, S.~J.},
	Booktitle = {Cambridge: MIT Press},
	Date-Added = {2017-11-09 16:42:35 +0000},
	Date-Modified = {2017-11-09 16:42:35 +0000},
	Publisher = {Springer},
	Title = {{Numerical Optimization}},
	Year = 2006}

@article{Pope:2016,
	Adsnote = {Provided by the SAO/NASA Astrophysics Data System},
	Adsurl = {http://adsabs.harvard.edu/abs/2016MNRAS.461.3399P},
	Archiveprefix = {arXiv},
	Author = {{Pope}, B.~J.~S. and {Parviainen}, H. and {Aigrain}, S.},
	Date-Added = {2017-11-09 16:42:35 +0000},
	Date-Modified = {2017-11-09 16:42:35 +0000},
	Doi = {10.1093/mnras/stw1373},
	Eprint = {1606.01264},
	Journal = {\mnras},
	Keywords = {techniques: photometric, planetary systems, stars: variables: general},
	Month = oct,
	Pages = {3399-3409},
	Primaryclass = {astro-ph.EP},
	Title = {{Transiting exoplanet candidates from K2 Campaigns 5 and 6}},
	Volume = 461,
	Year = 2016,
	Bdsk-Url-1 = {http://dx.doi.org/10.1093/mnras/stw1373}}

@book{Press:2007,
	Author = {Press, William H and Teukolsky, Saul A and Vetterling, William T and Flannery, Brian P},
	Date-Added = {2017-11-09 16:42:35 +0000},
	Date-Modified = {2017-11-09 16:42:35 +0000},
	Publisher = {Cambridge University Press},
	Title = {Numerical Recipes 3rd Edition: The Art of Scientific Computing},
	Year = {2007}}

@book{Rasmussen:2006,
	Adsurl = {http://www.gaussianprocess.org/gpml/},
	Author = {{Rasmussen}, C.~E. and {Williams}, K.~I.},
	Booktitle = {Cambridge: MIT Press},
	Date-Added = {2017-11-09 16:42:35 +0000},
	Date-Modified = {2017-11-09 16:42:35 +0000},
	Publisher = {{MIT Press}},
	Title = {{Gaussian Processes for Machine Learning}},
	Year = 2006}

@article{Rauer:2014,
	Author = {H. Rauer and C. Catala and C. Aerts and T. Appourchaux and W. Benz and A. Brandeker and J. Christensen-Dalsgaard and M. Deleuil and L. Gizon and M.-J. Goupil and M. G\"{u}del and E. Janot-Pacheco and M. Mas-Hesse and I. Pagano and G. Piotto and D. Pollacco and {\.{C}}. Santos and A. Smith and J.-C. Su{\'{a}}rez and R. Szab{\'{o}} and S. Udry and V. Adibekyan and Y. Alibert and J.-M. Almenara and P. Amaro-Seoane and M. Ammler-von Eiff and M. Asplund and E. Antonello and S. Barnes and F. Baudin and K. Belkacem and M. Bergemann and G. Bihain and A. C. Birch and X. Bonfils and I. Boisse and A. S. Bonomo and F. Borsa and I. M. Brand{\~{a}}o and E. Brocato and S. Brun and M. Burleigh and R. Burston and J. Cabrera and S. Cassisi and W. Chaplin and S. Charpinet and C. Chiappini and R. P. Church and Sz. Csizmadia and M. Cunha and M. Damasso and M. B. Davies and H. J. Deeg and R. F. D{\'{\i}}az and S. Dreizler and C. Dreyer and P. Eggenberger and D. Ehrenreich and P. Eigm\"{u}ller and A. Erikson and R. Farmer and S. Feltzing and F. de Oliveira Fialho and P. Figueira and T. Forveille and M. Fridlund and R. A. Garc{\'{\i}}a and P. Giommi and G. Giuffrida and M. Godolt and J. Gomes da Silva and T. Granzer and J. L. Grenfell and A. Grotsch-Noels and E. G\"{u}nther and C. A. Haswell and A. P. Hatzes and G. H{\'{e}}brard and S. Hekker and R. Helled and K. Heng and J. M. Jenkins and A. Johansen and M. L. Khodachenko and K. G. Kislyakova and W. Kley and U. Kolb and N. Krivova and F. Kupka and H. Lammer and A. F. Lanza and Y. Lebreton and D. Magrin and P. Marcos-Arenal and P. M. Marrese and J. P. Marques and J. Martins and S. Mathis and S. Mathur and S. Messina and A. Miglio and J. Montalban and M. Montalto and M. J. P. F. G. Monteiro and H. Moradi and E. Moravveji and C. Mordasini and T. Morel and A. Mortier and V. Nascimbeni and R. P. Nelson and M. B. Nielsen and L. Noack and A. J. Norton and A. Ofir and M. Oshagh and R.-M. Ouazzani and P. P{\'{a}}pics and V. C. Parro and P. Petit and B. Plez and E. Poretti and A. Quirrenbach and R. Ragazzoni and G. Raimondo and M. Rainer and D. R. Reese and R. Redmer and S. Reffert and B. Rojas-Ayala and I. W. Roxburgh and S. Salmon and A. Santerne and J. Schneider and J. Schou and S. Schuh and H. Schunker and A. Silva-Valio and R. Silvotti and I. Skillen and I. Snellen and F. Sohl and S. G. Sousa and A. Sozzetti and D. Stello and K. G. Strassmeier and M. {\v{S}}vanda and Gy. M. Szab{\'{o}} and A. Tkachenko and D. Valencia and V. Van Grootel and S. D. Vauclair and P. Ventura and F. W. Wagner and N. A. Walton and J. Weingrill and S. C. Werner and P. J. Wheatley and K. Zwintz},
	Date-Added = {2017-11-09 16:42:35 +0000},
	Date-Modified = {2017-11-09 16:42:35 +0000},
	Doi = {10.1007/s10686-014-9383-4},
	Journal = {Experimental Astronomy},
	Month = {sep},
	Number = {1-2},
	Pages = {249--330},
	Publisher = {Springer Nature},
	Title = {The {PLATO} 2.0 mission},
	Url = {https://doi.org/10.1007%2Fs10686-014-9383-4},
	Volume = {38},
	Year = {2014},
	Bdsk-Url-1 = {https://doi.org/10.1007%2Fs10686-014-9383-4},
	Bdsk-Url-2 = {http://dx.doi.org/10.1007/s10686-014-9383-4}}

@inproceedings{Ricker:2014,
	Author = {George R. Ricker and Joshua N. Winn and Roland Vanderspek and David W. Latham and G{\'{a}}sp{\'{a}}r {\'{A}}. Bakos and Jacob L. Bean and Zachory K. Berta-Thompson and Timothy M. Brown and Lars Buchhave and Nathaniel R. Butler and R. Paul Butler and William J. Chaplin and David Charbonneau and J{\o}rgen Christensen-Dalsgaard and Mark Clampin and Drake Deming and John Doty and Nathan De Lee and Courtney Dressing and E. W. Dunham and Michael Endl and Francois Fressin and Jian Ge and Thomas Henning and Matthew J. Holman and Andrew W. Howard and Shigeru Ida and Jon Jenkins and Garrett Jernigan and John A. Johnson and Lisa Kaltenegger and Nobuyuki Kawai and Hans Kjeldsen and Gregory Laughlin and Alan M. Levine and Douglas Lin and Jack J. Lissauer and Phillip MacQueen and Geoffrey Marcy and P. R. McCullough and Timothy D. Morton and Norio Narita and Martin Paegert and Enric Palle and Francesco Pepe and Joshua Pepper and Andreas Quirrenbach and S. A. Rinehart and Dimitar Sasselov and Bun{\textquotesingle}ei Sato and Sara Seager and Alessandro Sozzetti and Keivan G. Stassun and Peter Sullivan and Andrew Szentgyorgyi and Guillermo Torres and Stephane Udry and Joel Villasenor},
	Booktitle = {Space Telescopes and Instrumentation 2014: Optical, Infrared, and Millimeter Wave},
	Date-Added = {2017-11-09 16:42:35 +0000},
	Date-Modified = {2017-11-09 16:42:35 +0000},
	Doi = {10.1117/12.2063489},
	Editor = {Jacobus M. Oschmann and Mark Clampin and Giovanni G. Fazio and Howard A. MacEwen},
	Month = {aug},
	Publisher = {{SPIE}-Intl Soc Optical Eng},
	Title = {Transiting Exoplanet Survey Satellite ({TESS})},
	Url = {https://doi.org/10.1117%2F12.2063489},
	Year = {2014},
	Bdsk-Url-1 = {https://doi.org/10.1117%2F12.2063489},
	Bdsk-Url-2 = {http://dx.doi.org/10.1117/12.2063489}}

@article{Smith:2012,
	Adsnote = {Provided by the SAO/NASA Astrophysics Data System},
	Adsurl = {http://adsabs.harvard.edu/abs/2012PASP..124.1000S},
	Archiveprefix = {arXiv},
	Author = {{Smith}, J.~C. and {Stumpe}, M.~C. and {Van Cleve}, J.~E. and {Jenkins}, J.~M. and {Barclay}, T.~S. and {Fanelli}, M.~N. and {Girouard}, F.~R. and {Kolodziejczak}, J.~J. and {McCauliff}, S.~D. and {Morris}, R.~L. and {Twicken}, J.~D.},
	Date-Added = {2017-11-09 16:42:35 +0000},
	Date-Modified = {2017-11-09 16:42:35 +0000},
	Doi = {10.1086/667697},
	Eprint = {1203.1383},
	Journal = {\pasp},
	Keywords = {Data Analysis and Techniques},
	Month = sep,
	Pages = {1000-1014},
	Primaryclass = {astro-ph.IM},
	Title = {{Kepler Presearch Data Conditioning II - A Bayesian Approach to Systematic Error Correction}},
	Volume = 124,
	Year = 2012,
	Bdsk-Url-1 = {http://dx.doi.org/10.1086/667697}}

@misc{Sokal:1989,
	Author = {Sokal, Alan D},
	Date-Added = {2017-11-09 16:42:35 +0000},
	Date-Modified = {2017-11-09 16:42:35 +0000},
	Publisher = {Troisieme cycle de la physique en Suisse Romande},
	Title = {Monte Carlo methods in statistical mechanics: foundations and new algorithms},
	Year = {1989}}

@article{Spergel:2015,
	Adsnote = {Provided by the SAO/NASA Astrophysics Data System},
	Adsurl = {http://adsabs.harvard.edu/abs/2015arXiv150303757S},
	Archiveprefix = {arXiv},
	Author = {{Spergel}, D. and {Gehrels}, N. and {Baltay}, C. and {Bennett}, D. and {Breckinridge}, J. and {Donahue}, M. and {Dressler}, A. and {Gaudi}, B.~S. and {Greene}, T. and {Guyon}, O. and {Hirata}, C. and {Kalirai}, J. and {Kasdin}, N.~J. and {Macintosh}, B. and {Moos}, W. and {Perlmutter}, S. and {Postman}, M. and {Rauscher}, B. and {Rhodes}, J. and {Wang}, Y. and {Weinberg}, D. and {Benford}, D. and {Hudson}, M. and {Jeong}, W.-S. and {Mellier}, Y. and {Traub}, W. and {Yamada}, T. and {Capak}, P. and {Colbert}, J. and {Masters}, D. and {Penny}, M. and {Savransky}, D. and {Stern}, D. and {Zimmerman}, N. and {Barry}, R. and {Bartusek}, L. and {Carpenter}, K. and {Cheng}, E. and {Content}, D. and {Dekens}, F. and {Demers}, R. and {Grady}, K. and {Jackson}, C. and {Kuan}, G. and {Kruk}, J. and {Melton}, M. and {Nemati}, B. and {Parvin}, B. and {Poberezhskiy}, I. and {Peddie}, C. and {Ruffa}, J. and {Wallace}, J.~K. and {Whipple}, A. and {Wollack}, E. and {Zhao}, F.},
	Date-Added = {2017-11-09 16:42:35 +0000},
	Date-Modified = {2017-11-09 16:42:35 +0000},
	Eprint = {1503.03757},
	Journal = {ArXiv e-prints},
	Keywords = {Astrophysics - Instrumentation and Methods for Astrophysics},
	Month = mar,
	Primaryclass = {astro-ph.IM},
	Title = {{Wide-Field InfrarRed Survey Telescope-Astrophysics Focused Telescope Assets WFIRST-AFTA 2015 Report}},
	Year = 2015}

@article{Stumpe:2012,
	Adsnote = {Provided by the SAO/NASA Astrophysics Data System},
	Adsurl = {http://adsabs.harvard.edu/abs/2012PASP..124..985S},
	Archiveprefix = {arXiv},
	Author = {{Stumpe}, M.~C. and {Smith}, J.~C. and {Van Cleve}, J.~E. and {Twicken}, J.~D. and {Barclay}, T.~S. and {Fanelli}, M.~N. and {Girouard}, F.~R. and {Jenkins}, J.~M. and {Kolodziejczak}, J.~J. and {McCauliff}, S.~D. and {Morris}, R.~L.},
	Date-Added = {2017-11-09 16:42:35 +0000},
	Date-Modified = {2017-11-09 16:42:35 +0000},
	Doi = {10.1086/667698},
	Eprint = {1203.1382},
	Journal = {\pasp},
	Keywords = {Data Analysis and Techniques},
	Month = sep,
	Pages = {985-999},
	Primaryclass = {astro-ph.IM},
	Title = {{Kepler Presearch Data Conditioning I - Architecture and Algorithms for Error Correction in Kepler Light Curves}},
	Volume = 124,
	Year = 2012,
	Bdsk-Url-1 = {http://dx.doi.org/10.1086/667698}}

@article{Van-Der-Walt:2011,
	Author = {Van Der Walt, Stefan and Colbert, S Chris and Varoquaux, Gael},
	Date-Added = {2017-11-09 16:42:35 +0000},
	Date-Modified = {2017-11-09 16:42:35 +0000},
	Journal = {Computing in Science \& Engineering},
	Number = {2},
	Pages = {22--30},
	Publisher = {AIP Publishing},
	Title = {The NumPy array: a structure for efficient numerical computation},
	Volume = {13},
	Year = {2011}}

@article{VanderPlas:2017,
	Adsnote = {Provided by the SAO/NASA Astrophysics Data System},
	Adsurl = {http://adsabs.harvard.edu/abs/2017arXiv170309824V},
	Archiveprefix = {arXiv},
	Author = {{VanderPlas}, J.~T.},
	Date-Added = {2017-11-09 16:42:35 +0000},
	Date-Modified = {2017-11-09 16:42:35 +0000},
	Eprint = {1703.09824},
	Journal = {ArXiv e-prints},
	Keywords = {Astrophysics - Instrumentation and Methods for Astrophysics},
	Month = mar,
	Primaryclass = {astro-ph.IM},
	Title = {{Understanding the Lomb-Scargle Periodogram}},
	Year = 2017}

@article{Zhu:1997,
	Author = {Zhu, Ciyou and Byrd, Richard H and Lu, Peihuang and Nocedal, Jorge},
	Date-Added = {2017-11-09 16:42:35 +0000},
	Date-Modified = {2017-11-09 16:42:35 +0000},
	Journal = {ACM Transactions on Mathematical Software (TOMS)},
	Number = {4},
	Pages = {550--560},
	Publisher = {ACM},
	Title = {Algorithm 778: L-BFGS-B: Fortran subroutines for large-scale bound-constrained optimization},
	Volume = {23},
	Year = {1997}}

@article{Luger:2017,
	Adsnote = {Provided by the SAO/NASA Astrophysics Data System},
	Adsurl = {http://adsabs.harvard.edu/abs/2017RNAAS...1....7L},
	Archiveprefix = {arXiv},
	Author = {{Luger}, R. and {Foreman-Mackey}, D. and {Hogg}, D.~W.},
	Date-Added = {2017-11-09 16:29:53 +0000},
	Date-Modified = {2017-11-09 16:42:47 +0000},
	Doi = {10.3847/2515-5172/aa96b5},
	Eid = {7},
	Eprint = {1710.11136},
	Journal = {Research Notes of the American Astronomical Society},
	Month = dec,
	Pages = {7},
	Primaryclass = {astro-ph.IM},
	Title = {{Linear Models for Systematics and Nuisances}},
	Volume = 1,
	Year = 2017,
	Bdsk-Url-1 = {http://dx.doi.org/10.3847/2515-5172/aa96b5}}
